<?xml version="1.0" encoding="UTF-8"?><record xmlns="http://www.loc.gov/MARC21/slim" xmlns:cinclude="http://apache.org/cocoon/include/1.0" xmlns:zs="http://www.loc.gov/zing/srw/">
  <leader>01559nz  a2200253n  4500</leader>
  <controlfield tag="001">nb2015004610</controlfield>
  <controlfield tag="003">DLC</controlfield>
  <controlfield tag="005">20150306050909.0</controlfield>
  <controlfield tag="008">150305n| azannaabn          |a ana      </controlfield>
  <datafield tag="010" ind1=" " ind2=" ">
    <subfield code="a">nb2015004610</subfield>
  </datafield>
  <datafield tag="035" ind1=" " ind2=" ">
    <subfield code="a">(Uk)009271980</subfield>
  </datafield>
  <datafield tag="040" ind1=" " ind2=" ">
    <subfield code="a">Uk</subfield>
    <subfield code="b">eng</subfield>
    <subfield code="e">rda</subfield>
    <subfield code="c">Uk</subfield>
  </datafield>
  <datafield tag="046" ind1=" " ind2=" ">
    <subfield code="s">2012</subfield>
  </datafield>
  <datafield tag="110" ind1="2" ind2=" ">
    <subfield code="a">Inland Waterways Association (Great Britain).</subfield>
    <subfield code="b">Great Ouse Branch</subfield>
  </datafield>
  <datafield tag="368" ind1=" " ind2=" ">
    <subfield code="a">Associations, institutions, etc.</subfield>
    <subfield code="2">lcsh</subfield>
  </datafield>
  <datafield tag="370" ind1=" " ind2=" ">
    <subfield code="c">Great Britain</subfield>
    <subfield code="c">England</subfield>
    <subfield code="f">Cambridge (England)</subfield>
    <subfield code="2">naf</subfield>
  </datafield>
  <datafield tag="370" ind1=" " ind2=" ">
    <subfield code="f">Great Ouse River (England)</subfield>
    <subfield code="2">lcsh</subfield>
  </datafield>
  <datafield tag="372" ind1=" " ind2=" ">
    <subfield code="a">Inland navigation</subfield>
    <subfield code="a">Waterways--Conservation and restoration</subfield>
    <subfield code="a">Waterways--Recreational use</subfield>
    <subfield code="2">lcsh</subfield>
  </datafield>
  <datafield tag="377" ind1=" " ind2=" ">
    <subfield code="a">eng</subfield>
  </datafield>
  <datafield tag="410" ind1="2" ind2=" ">
    <subfield code="a">Inland Waterways Association (Great Britain).</subfield>
    <subfield code="b">Eastern Region.</subfield>
    <subfield code="b">Great Ouse Branch</subfield>
  </datafield>
  <datafield tag="410" ind1="2" ind2=" ">
    <subfield code="a">IWA Great Ouse Branch</subfield>
  </datafield>
  <datafield tag="510" ind1="2" ind2=" ">
    <subfield code="w">r</subfield>
    <subfield code="i">Predecessor:</subfield>
    <subfield code="a">Inland Waterways Association (Great Britain).</subfield>
    <subfield code="b">Cambridge Branch</subfield>
  </datafield>
  <datafield tag="670" ind1=" " ind2=" ">
    <subfield code="a">Ouse news, summer 2012:</subfield>
    <subfield code="b">t.p. (Great Ouse Branch, Inland Waterways Association) p.4 (change in name from Cambridge Branch was agreed in March; former name failed to reflect the fact that the branch area covers not only Cambridge but also the whole of the navigable River Great Ouse and tributaries from Bedford in the West, into West Norfolk and on to parts of Suffolk in the East) ; spring 2012: t.p. (Cambridge Branch, Inland Waterways Association)</subfield>
  </datafield>
  <datafield tag="670" ind1=" " ind2=" ">
    <subfield code="a">Inland Waterways Association website, viewed 5 Mar. 2015:</subfield>
    <subfield code="b">under Regions (Eastern Region; comprises Great Ouse Branch, formerly Cambridge Branch, [and others]) under Volunteers (IWA Great Ouse Branch)</subfield>
  </datafield>
</record>